@article{yoonsuhmulpred,
author = {Jung, Yoonsuh},
year = {2017},
month = {11},
pages = {1-19},
title = {Multiple predicting K -fold cross-validation for model selection},
volume = {30},
journal = {Journal of Nonparametric Statistics},
doi = {10.1080/10485252.2017.1404598}
}

@inbook{Berrar_CrossValid,
author = {Berrar, Daniel},
year = {2018},
month = {01},
pages = {},
title = {Cross-Validation},
isbn = {9780128096338},
doi = {10.1016/B978-0-12-809633-8.20349-X}
}



@online{anton_crossval,
author = {Antoniadis, Panagiotis},
title = {Cross-Validation: K-Fold vs. Leave-One-Out },
date = { October 26, 2022},
year = {2022},
url = {https://www.baeldung.com/cs/cross-validation-k-fold-loo},
}

@article{Arlot_2010,
author = {Arlot, Sylvain and Celisse, Alain},
year = {2009},
month = {07},
pages = {},
title = {A Survey of Cross Validation Procedures for Model Selection},
volume = {4},
journal = {Statistics Surveys},
doi = {10.1214/09-SS054}
}

@book{elem_stat_learn,
	author = {Hastie, et al},
	title = {The Elements of Statistical Learning: data mining, inference, and prediction},
	date = {January 13, 2017},
	chapter = {Model Assessment and Selection},
	pages = {241-249},
	year = {2017}
}

@article{he_kfoldperf,
author = {He, Jinbo and Fan, Xitao},
year = {2018},
month = {07},
pages = {},
title = {Evaluating the Performance of the K -fold Cross-Validation Approach for Model Selection in Growth Mixture Modeling},
volume = {26},
journal = {Structural Equation Modeling A Multidisciplinary Journal},
doi = {10.1080/10705511.2018.1500140}
}

@book{wasserman,
	author = {Wasserman, Larry},
	title = {All of Statistics: A Concise Course in Statistical INference},
	date = {date},
	year = {2004},
}


@article{grimm_model_selection_finite_mixture,
author = {Grimm, Kevin and Mazza, Gina and Davoudzadeh, Pega},
year = {2016},
month = {12},
pages = {246-256},
title = {Model Selection in Finite Mixture Models: A k-Fold Cross-Validation Approach},
volume = {24},
journal = {Structural Equation Modeling: A Multidisciplinary Journal},
doi = {10.1080/10705511.2016.1250638}
}

@online{heart_disease_dataset,
author = {David Lapp},
title = {Heart Disease Dataset},
date = {2019},
year = {2019},
url = {https://www.kaggle.com/datasets/johnsmith88/heart-disease-dataset},
}
